@Article{Alenlov-2019,
title = {Particle-based adaptive-lag online marginal smoothing in general state-space models},
author = {Johan Alenlöv and Jimmy Olsson},
volume = {67},
number = {21},
journal = {IEEE Transactions on Signal Processing},
publisher={IEEE},
year = {2019}
}

@Article{Bojja-2015,
  author={Jayaprasad Bojja and Jussi Collin and Simo Särkkä and Jarmo Takala},
  booktitle={2015 IEEE International Conference on Acoustics, Speech and Signal Processing (ICASSP)}, 
  title={Pedestrian localization in moving platforms using dead reckoning, particle filtering and map matching}, 
  year={2015},
  volume={},
  number={},
  pages={1116 \textendash 1120},
  doi={10.1109/ICASSP.2015.7178143}}

@Article{Boquet-2024,
title = {Indoor position estimation using angle of arrival measurements: {A}n efficient multi-anchor approach with outlier rejection},
journal = {Internet of Things},
volume = {26},
pages = {101236},
year = {2024},
issn = {2542 \textendash 6605},
doi = {https://doi.org/10.1016/j.iot.2024.101236},
url = {https://www.sciencedirect.com/science/article/pii/S254266052400177X},
author = {Guillem Boquet and Aleix Boquet-Pujadas and Ivan Pisa and Anand Dabak and Xavier Vilajosana and Borja Martinez}}

@Article{Cappe-2007,
title = {An {O}verview of {E}xisting {M}ethods and {R}ecent {A}dvances in {S}equential {M}onte {C}arlo},
author ={Olivier Cappé and Simon J. Godsill and Eric Moulines},
journal = {Proceedings of the IEEE},
volume={95},
number={5},
pages={899\textendash 924},
publisher={IEEE},
year = {2007}
}

@Article{Chan-2013,
author = {Hock Peng Chan and Tze Leung Lai},
title = {A general theory of particle filters in hidden {M}arkov models and some applications},
volume = {41},
journal = {The Annals of Statistics},
number = {6},
publisher = {Institute of Mathematical Statistics},
pages = {2877 \textendash 2904},
year = {2013}
}

@Article{Cheng-2024,
author = {Yi Cheng and Wenbo Ren and Chunbo Xiu and Yiyang Li},
title = {{I}mproved {P}article {F}ilter {A}lgorithm for {M}ulti-{T}arget {D}etection and {T}racking},
journal = {Sensors},
volume = {24},
year = {2024},
number = {14}}

@Article{Chopin-2004,
title = {Central limit theorem for sequential {M}onte {C}arlo methods and its application to {B}ayesian inference},
author = {Nicolas Chopin},
journal = {The Annals of Statistics},
year = {2004},
volume = {32},
number = {6},
pages = {2385\textendash 2411},
publisher = {Institute of Mathematical Statistics}}

@Article{Crisan-2000,
title={Convergence of {S}equential {M}onte {C}arlo {M}ethods},
author = {Dan Crisan and Arnaud Doucet},
url={https://www.stats.ox.ac.uk/~doucet/crisain_doucet_convergenceofSMC2000.pdf}}

@Article{Crisan-2002,
title={A survey of convergence results on particle filtering methods for practitioners},
author = {Dan Crisan and Arnaud Doucet},
journal = {IEEE Transactions on Signal Processing},
volume = {50},
number = {3},
pages={736\textendash 746},
year = {2002},
publisher={IEEE}}

@Article{Crisan-2014,
title = {The stochastic filtering problem: A brief historical account},
author = {Dan Crisan},
journal = {Journal of Applied Probability},
volume = {51A},
pages = {13\textendash 22},
year = {2014},
publisher = {Cambridge University Press}
}

\pagebreak[0]

@Article{Davidson-2010,
  author={Pavel Davidson and Jussi Collin and Jarmo Takala},
  booktitle={2010 Ubiquitous Positioning Indoor Navigation and Location Based Service}, 
  title={Application of particle filters for indoor positioning using floor plans}, 
  year={2010},
  pages={1-4},
  doi={10.1109/UPINLBS.2010.5653830}}

@Article{Doucet-2000,
title={On sequential {M}onte {C}arlo sampling methods for {B}ayesian filtering},
author={Arnaud Doucet and Simon Godsill and Christophe Andrieu},
journal={Statistics and Computing},
volume={10},
number={3},
pages={197\textendash 208},
year={2000},
publisher={Springer}}

@Article{DelMoral-1996,
title = {Nonlinear filtering: {I}nteracting particle resolution},
author = {Pierre Del Moral},
journal = {Markov Processes and Related Fields},
volume = {2},
number = {4},
pages = {555\textendash 580}}

@Article{Elvira-2017,
  author={Victor Elvira and Joaquín Míguez and Petar M. Djurić},
  journal={IEEE Transactions on Signal Processing}, 
  title={Adapting the {N}umber of {P}articles in {S}equential {M}onte {C}arlo {M}ethods {T}hrough an {O}nline {S}cheme for {C}onvergence {A}ssessment}, 
  year={2017},
  volume={65},
  number={7},
  pages={1781\textendash1794},
  doi={10.1109/TSP.2016.2637324}}

@Article{Gordon-1993,
title = {Novel approach to nonlinear/non-{G}aussian {B}ayesian state estimation},
author = {N.J. Gordon and D.J. Salmond and A.F.M. Smith},
journal = {IEE Proceedings F (Radar Signal Process)},
volume = {140},
number = {2},
year = {1993},
pages = {107\textendash 113}}

@Article{Grewal-2010,
  title = {Applications of {K}alman {F}iltering in {A}erospace 1960 to the {P}resent},
  author = {Mohinder S. Grewal and Angus P. Andrews},
  journal = {IEEE Control Systems Magazine},
  year = {2010},
  volume={30},
  number={3},
  pages={69\textendash 78},
  publisher={IEEE}
}

@Article{Gunia-2023,
title={Analysis and {D}esign of a {M}u{S}i{C}-{B}ased {A}ngle of {A}rrival {P}ositioning {S}ystem},
author={Marco Gunia and Adrian Zinke and Niko Joram and Frank Ellinger},
journal={ACM Transactions on Sensor Networks},
volume={19},
number={3},
pages={66, 1\textendash41}}

@Article{Gustafsson-2010,
 title = {Particle filter theory and practice with positioning applications},
 author = {Fredrik Gustafsson},
 journal={IEEE Aerospace and Electronic Systems Magazine},
 volume={25},
 number={7},
 pages={53\textendash 82},
 year = {2010},
 publisher={IEEE}
}

@Book{Hayes-1996,
title={Statistical {D}igital {S}ignal {P}rocessing and {M}odeling},
author={Monson H. Hayes},
year={1996},
publisher={John Wiley \& Sons, Inc.}}

@Article{Ho-2016,
author = {Ngoc-Huynh Ho and Phuc Huu Truong and Gu-Min Jeong},
title = {Step-{D}etection and {A}daptive {S}tep-{L}ength {E}stimation for {P}edestrian {D}ead-{R}eckoning at {V}arious {W}alking {S}peeds {U}sing a {S}martphone},
journal = {Sensors},
volume = {16},
year = {2016},
number = {9}}

@Article{Kitagawa-1996,
 title = {Monte {C}arlo {F}ilter and {S}moother for {N}on-{G}aussian {N}onlinear {S}tate {S}pace {M}odels},
 author = {Genshiro Kitagawa},
 journal={Journal of Computational and Graphical Statistics},
 volume={5},
 number={1},
 pages={1\textendash 25},
 year = {1996},
 publisher={American Statistical Association}
}

@Article{Klaas-2005,
title = {Toward {P}ractical {N}2 {M}onte {C}arlo: the {M}arginal {P}article {F}ilter},
author = {Mike Klaas and Nando de Freitas and Arnaud Doucet},
journal = {Proceedings of the 21st Conference on Uncertainty in Artificial Intelligence},
pages= {308\textendash 315},
year = {2005},
url={https://arxiv.org/pdf/1207.1396}
}

@Article{Lee-2018,
title={Variance estimation in the particle filter},
author={Anthony Lee and Nick Whiteley},
journal={Biometrika},
volume={105},
number={3},
pages={609\textendash 625},
year={2018},
publisher={Oxford University Press}}

@Article{Liu-1998,
 title = {Sequential {M}onte {C}arlo {M}ethods for {D}ynamic {S}ystems},
 author = {Jun S. Liu and Rong Chen},
 journal={Journal of the American Statistical Association},
 volume={93},
 number={443},
 pages={1032\textendash 1044},
 year = {1998},
 publisher={American Statistical Association}
}

@Article{Liu-2019,
  author={Cunjia Liu and Baibing Li and Wen-Hua Chen},
  journal={IEEE Transactions on Aerospace and Electronic Systems}, 
  title={Particle {F}iltering {W}ith {S}oft {S}tate {C}onstraints for {T}arget {T}racking}, 
  year={2019},
  volume={55},
  number={6},
  pages={3492\textendash 3504}}

@Article{Mastrototaro-2023,
title={Adaptive online variance estimation in particle filters: the {A}{L}{V}ar estimator},
author={Alessandro Mastrototaro and Jimmy Olsson},
journal={Statistics and Computing},
volume={33},
number={77},
year={2022},
publisher={Springer}}

@Book{Munoz-2009,
title = {Position {L}ocation {T}echniques and {A}pplications},
 author = {David Munoz and Frantz Bouchereau and Cesar Vargas and Rogerio Enriquez},
 journal={Journal of the American Statistical Association},
 year = {2009},
 publisher={Elsevier}
}

@Article{Nyobe-2021,
 title={The one step fixed-lag particle smoother as a strategy to improve the prediction step of particle filtering},
 author={Samuel Nyobe and Fabien F. Campillo and Serge Moto},
 year = {2021},
 journal = {hal-03464987},
 url = {https://inria.hal.science/hal-03464987v2/file/papier.pdf},
 publisher={Preprint}
}

@article{Oguntala-2018,
title = {Indoor location identification technologies for real-time {I}o{T}-based applications: {A}n inclusive survey},
journal = {Computer Science Review},
volume = {30},
pages = {55-79},
year = {2018},
issn = {1574 \textendash 0137},
doi = {https://doi.org/10.1016/j.cosrev.2018.09.001},
url = {https://www.sciencedirect.com/science/article/pii/S1574013718301163},
author = {George Oguntala and Raed Abd-Alhameed and Stephen Jones and James Noras and Mohammad Patwary and Jonathan Rodriguez},
}

@Article{Olsson-2019,
title={Numerically stable online estimation of variance in particle filters},
author={Jimmy Olsson and Randal Douc},
year={2019},
journal={Bernoulli},
volume={25},
number={2},
pages={1504\textendash 1535},
publisher={Bernoulli Society for Mathematical Statistics and Probability}
}

@Article{Pierlot-2011,
title={A {N}ew {T}hree {O}bject {T}riangulation {A}lgorithm {B}ased on the {P}ower {C}enter of {T}hree {C}ircles},
author={Vincent Pierlot and Maxime Urbin-Choffray and Marc Van Droogenbroeck},
journal={Research and Education in Robotics - EUROBOT 2011},
publisher={Springer},
pages={248\textendash 262}
}

@Book{Sarkka-2013,
  title = {Bayesian {F}iltering and {S}moothing},
  author = {Simo Särkkä},
  year = {2013},
  publisher = {Cambridge University Press},
  url = {https://users.aalto.fi/~ssarkka/pub/cup_book_online_20131111.pdf}
}

@Article{Solin-2016,
title= {Terrain navigation in the magnetic landscape:
{P}article filtering for indoor positioning},
author={Arno Solin and Simo Särkkä and Juho Kannala and Esa Rahtu},
journal={2016 European Navigation Conference (ENC)},
year={2016},
pages={1 \textendash 9},
url={https://api.semanticscholar.org/CorpusID:23211261}}

@Article{Xu-2006,
author = {Xinyu Xu and Baoxin Li},
year = {2006},
month = {01},
pages = {},
title = {Rao-{B}lackwellised {P}article {F}ilter with {A}daptive {S}ystem {N}oise and its {E}valuation for {T}racking in {S}urveillance},
journal = {Proceedings of SPIE - The International Society for Optical Engineering},
doi = {10.1117/12.643073}
}